@InProceedings{Sin16,
  author ={Gaurav Sinha},
  title ={{Reconstruction of Real Depth-3 Circuits with Top Fan-In 2}},
  booktitle ={31st Conference on Computational Complexity (CCC 2016)},
  pages ={31:1--31:53},
  series ={Leibniz International Proceedings in Informatics (LIPIcs)},
  ISBN ={978-3-95977-008-8},
  ISSN ={1868-8969},
  year ={2016},
  volume ={50},
  editor ={Ran Raz},
  publisher ={Schloss Dagstuhl--Leibniz-Zentrum fuer Informatik},
  address ={Dagstuhl, Germany},
  URL ={http://drops.dagstuhl.de/opus/volltexte/2016/5854},
  URN ={urn:nbn:de:0030-drops-58545},
  doi ={http://dx.doi.org/10.4230/LIPIcs.CCC.2016.31},
  annote ={Keywords: Reconstruction, SigmaPiSigma(2), Sylvester-Gallai, Brill's Equations}
}