%%%%%%%%%%%%%%%%%%%%%%%%%%%%%%%%%%%%%%%%%%%%%%%%%%%%%%
% Use full name of first author, two letters
% for any other author and two last digits of year.
%%%%%%%%%%%%%%%%%%%%%%%%%%%%%%%%%%%%%%%%%%%%%%%%%%%%%%

@Inbook{Dvir2014,
author="Dvir, Zeev
and de Oliveira, Rafael Mendes
and Shpilka, Amir",
editor="Esparza, Javier
and Fraigniaud, Pierre
and Husfeldt, Thore
and Koutsoupias, Elias",
chapter="Testing Equivalence of Polynomials under Shifts",
title="Automata, Languages, and Programming: 41st International Colloquium, ICALP 2014, Copenhagen, Denmark, July 8-11, 2014, Proceedings, Part I",
year="2014",
publisher="Springer Berlin Heidelberg",
address="Berlin, Heidelberg",
pages="417--428",
isbn="978-3-662-43948-7",
doi="10.1007/978-3-662-43948-7_35",
url="http://dx.doi.org/10.1007/978-3-662-43948-7_35"
}


@book{Hildebrand87,
 author = {Hildebrand, Begnaud Francis},
 title = {Introduction to Numerical Analysis: 2Nd Edition},
 year = {1987},
 isbn = {0-486-65363-3},
 publisher = {Dover Publications, Inc.},
 address = {New York, NY, USA},
} 


@inproceedings{SS11,
 author = {Saxena, Nitin and Seshadhri, C.},
 title = {Blackbox Identity Testing for Bounded Top Fanin Depth-3 Circuits: The Field Doesn'T Matter},
 booktitle = {Proceedings of the Forty-third Annual ACM Symposium on Theory of Computing},
 series = {STOC '11},
 year = {2011},
 isbn = {978-1-4503-0691-1},
 location = {San Jose, California, USA},
 pages = {431--440},
 numpages = {10},
 url = {http://doi.acm.org/10.1145/1993636.1993694},
 doi = {10.1145/1993636.1993694},
 acmid = {1993694},
 publisher = {ACM},
 address = {New York, NY, USA},
 keywords = {Chinese remaindering, blackbox, depth-3 circuits, derandomization, polynomial identity testing},
} 


@article{SY10,
url = {http://dx.doi.org/10.1561/0400000039},
year = {2010},
volume = {5},
journal = {Foundations and Trends in Theoretical Computer Science},
title = {Arithmetic Circuits: A Survey of Recent Results and Open Questions},
doi = {10.1561/0400000039},
issn = {1551-305X},
number = {3–4},
pages = {207-388},
author = {Amir Shpilka and Amir Yehudayoff}
}





@INPROCEEDINGS{Kal89,
    author = {Erich Kaltofen},
    title = {Factorization of Polynomials Given by Straight-Line Programs},
    booktitle = {Randomness and Computation},
    year = {1989},
    pages = {375--412},
    publisher = {JAI Press}
}



@inproceedings{Kal91,
 author = {Kaltofen, Erich},
 title = {Effective Noether Irreducibility Forms and Applications},
 booktitle = {Proceedings of the Twenty-third Annual ACM Symposium on Theory of Computing},
 series = {STOC '91},
 year = {1991},
 isbn = {0-89791-397-3},
 location = {New Orleans, Louisiana, USA},
 pages = {54--63},
 numpages = {10},
 url = {http://doi.acm.org/10.1145/103418.103431},
 doi = {10.1145/103418.103431},
 acmid = {103431},
 publisher = {ACM},
 address = {New York, NY, USA},
} 


@book{MulPa13,
 author = {Mullen, Gary L. and Panario, Daniel},
 title = {Handbook of Finite Fields},
 year = {2013},
 isbn = {143987378X, 9781439873786},
 edition = {1st},
 publisher = {Chapman \& Hall/CRC},
} 


@Inbook{Sud98,
author="Madhu Sudan",
title="Algebra and Computation",
year="1998",
url="http://people.csail.mit.edu/madhu/FT98/"
}


@Inbook{Kal92,
author="Kaltofen, Erich",
editor="Simon, Imre",
chapter="Polynomial factorization 1987--1991",
title="LATIN '92: 1st Latin American Symposium on Theoretical Informatics S{\~a}o Paulo, Brazil, April 6--10, 1992 Proceedings",
year="1992",
publisher="Springer Berlin Heidelberg",
address="Berlin, Heidelberg",
pages="294--313",
isbn="978-3-540-47012-0",
doi="10.1007/BFb0023837",
url="http://dx.doi.org/10.1007/BFb0023837"
}

@article{Sin15,
  author    = {Gaurav Sinha},
  title     = {Reconstruction of Real depth-3 Circuits with top fan-in 2},
  journal   = {CoRR},
  volume    = {abs/1512.01256},
  year      = {2015},
  url       = {http://arxiv.org/abs/1512.01256},
  timestamp = {Sat, 02 Jan 2016 11:38:49 +0100},
  biburl    = {http://dblp.uni-trier.de/rec/bib/journals/corr/Sinha15},
  bibsource = {dblp computer science bibliography, http://dblp.org}
}



@INPROCEEDINGS{KSS14, 
author={S. Kopparty and S. Saraf and A. Shpilka}, 
booktitle={Computational Complexity (CCC), 2014 IEEE 29th Conference on}, 
title={Equivalence of Polynomial Identity Testing and Deterministic Multivariate Polynomial Factorization}, 
year={2014}, 
pages={169-180}, 
keywords={circuit complexity;deterministic algorithms;matrix decomposition;polynomials;arithmetic circuit;arithmetic complexity;black-box algorithm;central derandomization problems;deterministic algorithm;deterministic multivariate polynomial factorization;deterministic polynomial identity testing;multilinear circuits;white-box algorithm;Complexity theory;Computational modeling;Computer science;Integrated circuit modeling;Logic gates;Polynomials;Testing;Polynomial identity testing;arithmetic circuits;factoring}, 
doi={10.1109/CCC.2014.25}, 
month={June},}


@unpublished{DSW12,
  author = {Z. Dvir and S. Saraf and A. Wigderson},
  title = {Improved rank bounds for design matrices and a new proof of {K}elly's theorem},
  note = {Forum of mathematics - Sigma (to appear)},
  year = {2012},
  url = {DSW12.pdf}
}





@inproceedings{BDWY11,
  author = {Barak, B. and Dvir, Z. and Wigderson, A. and  Yehudayoff, A.},
  title = {Rank bounds for design matrices with applications to combinatorial geometry and locally correctable codes},
  booktitle = {Proceedings of the 43rd annual ACM symposium on Theory of computing},
  series = {STOC '11},
  year = {2011},
  isbn = {978-1-4503-0691-1},
  location = {San Jose, California, USA},
  pages = {519--528},
  numpages = {10},
  publisher = {ACM},
  address = {New York, NY, USA},
  url = {./BDWY11.pdf}
}





@article{SS10,
 author = {Saxena, Nitin and Seshadhri, C.},
 title = {From Sylvester-gallai Configurations to Rank Bounds: Improved Blackbox Identity Test for Depth-3 Circuits},
 journal = {J. ACM},
 issue_date = {October 2013},
 volume = {60},
 number = {5},
 month = oct,
 year = {2013},
 issn = {0004-5411},
 pages = {33:1--33:33},
 articleno = {33},
 numpages = {33},
 url = {http://doi.acm.org/10.1145/2528403},
 doi = {10.1145/2528403},
 acmid = {2528403},
 publisher = {ACM},
 address = {New York, NY, USA},
 keywords = {Chinese remaindering, Sylvester-Gallai, combinatorial design, depth-3 circuit, ideal theory, identities, incidence geometry},
} 




@ARTICLE{KS06,
  AUTHOR = {Adam Klivans and Amir Shpilka},
  TITLE = {Learning restricted models of arithmetic circuits.},
  JOURNAL = {Theory of computing},
  YEAR = {2006},
  VOLUME = {2},
  PAGES = {185-206},
  NUMBER = {10},
  PDF = {http://www.cs.tau.ac.il/~shpilka/publications/KlivansShpilka_Learning_via_partial_derivatives.pdf}
}



@inproceedings{BDWY11,
  author = {Barak, B. and Dvir, Z. and Yehudayoff, A. and Wigderson, A.},
  title = {\textbf{Rank bounds for design matrices with applications to combinatorial geometry and locally correctable codes}},
  booktitle = {Proceedings of the 43rd annual ACM symposium on Theory of computing},
  series = {STOC '11},
  year = {2011},
  isbn = {978-1-4503-0691-1},
  location = {San Jose, California, USA},
  pages = {519--528},
  numpages = {10},
  publisher = {ACM},
  address = {New York, NY, USA},
  url = {./BDWY11.pdf}
}
@book{GKZ94,
   title = "Discriminants, resultants, and multidimensional determinants",
   author = "Gelfand, Izrail Moiseevitch and Kapranov, Mikhail M. and Zelevinsky, Andrei V.",
   series = "Mathematics : theory \& applications",
   publisher = "Birkhäuser",
   address = "Boston, Basel, Berlin",
   url = "http://opac.inria.fr/record=b1103027",
   isbn = "0-8176-3660-9",
   note = "Autre tirage de l'édition Birkhäuser chez Springer Science+ Business Media",
   year = 1994
}


@article{GKY14,
author = {Gupta, Ankit and Kayal, Neeraj and Qiao, Youming },
title={Random arithmetic formulas can be reconstructed efficiently},
year={2014},
issn={1016-3328},
journal={computational complexity},
volume={23},
number={2},
doi={10.1007/s00037-014-0085-0},

url={http://dx.doi.org/10.1007/s00037-014-0085-0},
publisher={Springer Basel},
keywords={Arithmetic formulas; average case; reconstruction; 68Q15; 68W30; 13P99},
author={Gupta, Ankit and Kayal, Neeraj and Qiao, Youming},
pages={207-303},
language={English}
}



@inproceedings{GuptaKL12,
 author = {Gupta, Ankit and Kayal, Neeraj and Lokam, Satya},
 title = {Reconstruction of Depth-4 Multilinear Circuits with Top Fan-in 2},
 booktitle = {Proceedings of the Forty-fourth Annual ACM Symposium on Theory of Computing},
 series = {STOC '12},
 year = {2012},
 isbn = {978-1-4503-1245-5},
 location = {New York, New York, USA},
 pages = {625--642},
 numpages = {18},
 url = {http://doi.acm.org/10.1145/2213977.2214035},
 doi = {10.1145/2213977.2214035},
 acmid = {2214035},
 publisher = {ACM},
 address = {New York, NY, USA},
 keywords = {algebraic complexity, circuit reconstruction},
} 







@inproceedings{GuptaKL11,
  author    = {Ankit Gupta and
               Neeraj Kayal and
               Satyanarayana V. Lokam},
  title     = {Efficient Reconstruction of Random Multilinear Formulas},
  booktitle = {{IEEE} 52nd Annual Symposium on Foundations of Computer Science, {FOCS}
               2011, Palm Springs, CA, USA, October 22-25, 2011},
  pages     = {778--787},
  year      = {2011},
  crossref  = {DBLP:conf/focs/2011},
  url       = {http://dx.doi.org/10.1109/FOCS.2011.70},
  doi       = {10.1109/FOCS.2011.70},
  timestamp = {Tue, 16 Dec 2014 09:57:21 +0100},
  biburl    = {http://dblp.uni-trier.de/rec/bib/conf/focs/GuptaKL11},
  bibsource = {dblp computer science bibliography, http://dblp.org}
}

@inproceedings{BDWY11,
  author = {Barak, B. and Dvir, Z. and Yehudayoff, A. and Wigderson, A.},
  title = {\textbf{Rank bounds for design matrices with applications to combinatorial geometry and locally correctable codes}},
  booktitle = {Proceedings of the 43rd annual ACM symposium on Theory of computing},
  series = {STOC '11},
  year = {2011},
  isbn = {978-1-4503-0691-1},
  location = {San Jose, California, USA},
  pages = {519--528},
  numpages = {10},
  publisher = {ACM},
  address = {New York, NY, USA},
  url = {./BDWY11.pdf}
}



@article{ArMS08,
author = {V. Arvind and Partha Mukhopadhyay and Srikanth Srinivasan},
title = {New Results on Noncommutative and Commutative Polynomial Identity Testing},
journal ={2012 IEEE 27th Conference on Computational Complexity},
volume = {0},
issn = {1093-0159},
year = {2008},
pages = {268-279},
doi = {http://doi.ieeecomputersociety.org/10.1109/CCC.2008.22},
publisher = {IEEE Computer Society},
address = {Los Alamitos, CA, USA},
}




@article{SV09,
    author = {Amir Shpilka and Ilya Volkovich},
    title = {Improved polynomial identity testing for read-once formulas},
    booktitle = {In APPROX-RANDOM},
    year = {2009},
    pages = {700--713}
}



@inproceedings{KS01,
 author = {Klivans, Adam R. and Spielman, Daniel},
 title = {Randomness Efficient Identity Testing of Multivariate Polynomials},
 booktitle = {Proceedings of the Thirty-third Annual ACM Symposium on Theory of Computing},
 series = {STOC '01},
 year = {2001},
 isbn = {1-58113-349-9},
 location = {Hersonissos, Greece},
 pages = {216--223},
 numpages = {8},
 url = {http://doi.acm.org/10.1145/380752.380801},
 doi = {10.1145/380752.380801},
 acmid = {380801},
 publisher = {ACM},
 address = {New York, NY, USA},
} 




@article{GKS1,
 author = {Gupta, Ankit and Kayal, Neeraj and Lokam, Satya},
 title = {Reconstruction of Depth-4 Multilinear Circuits with Top Fan-in 2},
 booktitle = {Proceedings of the Forty-fourth Annual ACM Symposium on Theory of Computing},
 series = {STOC '12},
 year = {2012},
 isbn = {978-1-4503-1245-5},
 location = {New York, New York, USA},
 pages = {625--642},
 numpages = {18},
 url = {http://doi.acm.org/10.1145/2213977.2214035},
 doi = {10.1145/2213977.2214035},
 acmid = {2214035},
 publisher = {ACM},
 address = {New York, NY, USA},
 keywords = {algebraic complexity, circuit reconstruction},
} 




@article {GKS2,
author       = {Ankit Gupta and neeraj kayal and satya lokam},
booktitle    = {Foundations of Computer Science (FOCS)},
month        = {October},
publisher    = {IEEE},
title        = {Efficient Reconstruction of Random Multilinear Formulas},
url          = {http://research.microsoft.com/apps/pubs/default.aspx?id=157707},
year         = {2011},
}








@article{Sax09,
    author = {Nitin Saxena},
    title = {Progress on Polynomial Identity Testing},
    year = {2009},
    journal = {Bulletin of the EATCS},
    number = {99},
    pages = {49-79},
}

@article {GoldwasserMiRa89,
    AUTHOR = {Goldwasser, Shafi and Micali, Silvio and Rackoff, Charles},
     TITLE = {The knowledge complexity of interactive proof systems},
   JOURNAL = {SIAM J. Comput.},
  FJOURNAL = {SIAM Journal on Computing},
    VOLUME = {18},
      YEAR = {1989},
    NUMBER = {1},
     PAGES = {186--208},
      ISSN = {0097-5397},
     CODEN = {SMJCAT},
   MRCLASS = {68T15 (03F07 68Q15 94A60)},
  MRNUMBER = {90f:68157},
MRREVIEWER = {Robert M. Baer},
}
@ARTICLE{Kaltofen85,
    author = {Erich Kaltofen},
    title = {Polynomial-time reductions from multivariate to bi- and univariate integral polynomial factorization},
    journal = {SIAM J. Comp
    ut},
    year = {1985},
    volume = {14},
    pages = {469--489}
}



@article{KalTr90,
 author = {Kaltofen, Erich and Trager, Barry M.},
 title = {Computing with Polynomials Given Byblack Boxes for Their Evaluations: Greatest Common Divisors, Factorization, Separation of Numerators and Denominators},
 journal = {J. Symb. Comput.},
 issue_date = {March 1990},
 volume = {9},
 number = {3},
 month = mar,
 year = {1990},
 issn = {0747-7171},
 pages = {301--320},
 numpages = {20},
 url = {http://dx.doi.org/10.1016/S0747-7171(08)80015-6},
 doi = {10.1016/S0747-7171(08)80015-6},
 acmid = {77768},
 publisher = {Academic Press, Inc.},
 address = {Duluth, MN, USA},
} 






@INPROCEEDINGS{Shpilka07,
    author = {Amir Shpilka},
    title = {Interpolation of depth-3 arithmetic circuits with two multiplication gates},
    booktitle = {In STOC ’07: Proceedings of the thirty-ninth annual ACM symposium on Theory of computing},
    year = {2007},
    pages = {284--293},
    publisher = {ACM Press}
}

@INPROCEEDINGS{KarShp09,
  AUTHOR = {Zohar S. Karnin and Amir Shpilka},
  TITLE = {Reconstruction of Generalized Depth-3 Arithmetic Circuits with Bounded Top Fan-in},
  BOOKTITLE = {Proceedings of the 24rd Annual CCC},
  YEAR = {2009},
  PAGES = {274-285}

}




@article{Shpilka09,
  AUTHOR = {Amir Shpilka},
  TITLE = {Interpolation of depth-3 arithmetic circuits with two multiplication
    gates},
  JOURNAL = {SIAM J. on Computing},
  YEAR = {2009},
  VOLUME = {38},
  PAGES = {2130-2161},
  NUMBER = {6},
  PDF = {http://www.cs.technion.ac.il/~shpilka/publications/Shpilka_Interpolation.pdf}
}

@inproceedings{KayalSa09,
 author = {Kayal, Neeraj and Saraf, Shubhangi},
 title = {Blackbox Polynomial Identity Testing for Depth 3 Circuits},
 booktitle = {Proceedings of the 2009 50th Annual IEEE Symposium on Foundations of Computer Science},
 series = {FOCS '09},
 year = {2009},
 isbn = {978-0-7695-3850-1},
 pages = {198--207},
 numpages = {10},
 url = {http://dx.doi.org/10.1109/FOCS.2009.67},
 doi = {10.1109/FOCS.2009.67},
 acmid = {1748037},
 publisher = {IEEE Computer Society},
 address = {Washington, DC, USA},
 keywords = {Arithmetic circuits, Derandomization, Sylvester-Gallai Theorem},
}

@INPROCEEDINGS{SaxenaSe10,
author={Saxena, N. and Seshadhri, C.},
booktitle={Foundations of Computer Science (FOCS), 2010 51st Annual IEEE Symposium on},
title={From Sylvester-Gallai Configurations to Rank Bounds: Improved Black-Box Identity Test for Depth-3 Circuits},
year={2010},
month={Oct},
pages={21-29},
keywords={circuit complexity;polynomials;Sylvester-Gallai configuration;black-box identity test;depth-3 circuits;depth-3 identities;rank bound;structure theorem;Complexity theory;History;Logic gates;Polynomials;Testing;Vectors;Chinese remaindering;Sylvester-Gallai;depth-3 circuit;ideal theory;identities;incidence configuration},
doi={10.1109/FOCS.2010.9},
ISSN={0272-5428},}


@ARTICLE{DS07,
    author = {Zeev Dvir and Amir Shpilka},
    title = {Locally decodable codes with 2 queries and polynomial identity testing for depth 3 circuits},
    journal = {SIAM J. COMPUT},
    year = {2007},
    volume = {36},
    number = {5},
    pages = {1404--1434}
}

@INPROCEEDINGS{Agr05,
    author = {Manindra Agrawal},
    title = {Proving lower bounds via pseudo-random generators},
    booktitle = {FSTTCS 2005: Foundations of Software Technology and Theoretical Computer Science, 25th International Conference, Hyderabad, India, December 15-18, 2005, Proceedings, volume 3821 of Lecture},
    year = {2005},
    pages = {92--105},
    publisher = {Springer}
}

@inproceedings{HS80,
 author = {Heintz, J. and Schnorr, C. P.},
 title = {Testing Polynomials Which Are Easy to Compute (Extended Abstract)},
 booktitle = {Proceedings of the Twelfth Annual ACM Symposium on Theory of Computing},
 series = {STOC '80},
 year = {1980},
 isbn = {0-89791-017-6},
 location = {Los Angeles, California, USA},
 pages = {262--272},
 numpages = {11},
 url = {http://doi.acm.org/10.1145/800141.804674},
 doi = {10.1145/800141.804674},
 acmid = {804674},
 publisher = {ACM},
 address = {New York, NY, USA},
}

@article{OGM86,
 author = {Goldreich, Oded and Goldwasser, Shafi and Micali, Silvio},
 title = {How to Construct Random Functions},
 journal = {J. ACM},
 issue_date = {Oct. 1986},
 volume = {33},
 number = {4},
 month = aug,
 year = {1986},
 issn = {0004-5411},
 pages = {792--807},
 numpages = {16},
 url = {http://doi.acm.org/10.1145/6490.6503},
 doi = {10.1145/6490.6503},
 acmid = {6503},
 publisher = {ACM},
 address = {New York, NY, USA},
}

@article{KV94,
 author = {Kearns, Michael and Valiant, Leslie},
 title = {Cryptographic Limitations on Learning Boolean Formulae and Finite Automata},
 journal = {J. ACM},
 issue_date = {Jan. 1994},
 volume = {41},
 number = {1},
 month = jan,
 year = {1994},
 issn = {0004-5411},
 pages = {67--95},
 numpages = {29},
 url = {http://doi.acm.org/10.1145/174644.174647},
 doi = {10.1145/174644.174647},
 acmid = {174647},
 publisher = {ACM},
 address = {New York, NY, USA},
}

@inproceedings{Khar92,
 author = {Kharitonov, Michael},
 title = {Cryptographic Lower Bounds for Learnability of Boolean Functions on the Uniform Distribution},
 booktitle = {Proceedings of the Fifth Annual Workshop on Computational Learning Theory},
 series = {COLT '92},
 year = {1992},
 isbn = {0-89791-497-X},
 location = {Pittsburgh, Pennsylvania, USA},
 pages = {29--36},
 numpages = {8},
 url = {http://doi.acm.org/10.1145/130385.130388},
 doi = {10.1145/130385.130388},
 acmid = {130388},
 publisher = {ACM},
 address = {New York, NY, USA},
}

@INPROCEEDINGS{SchSe96,
    author = {Robert E. Schapire and Linda M. Sellie},
    title = {Learning Sparse Multivariate Polynomials over a Field with Queries and Counterexamples},
    booktitle = {In Proceedings of the Sixth Annual ACM Workshop on Computational Learning Theory},
    year = {1996},
    pages = {17--26}
}

@article{BBB00,
 author = {Beimel, Amos and Bergadano, Francesco and Bshouty, Nader H. and Kushilevitz, Eyal and Varricchio, Stefano},
 title = {Learning Functions Represented As Multiplicity Automata},
 journal = {J. ACM},
 issue_date = {May 2000},
 volume = {47},
 number = {3},
 month = may,
 year = {2000},
 issn = {0004-5411},
 pages = {506--530},
 numpages = {25},
 url = {http://doi.acm.org/10.1145/337244.337257},
 doi = {10.1145/337244.337257},
 acmid = {337257},
 publisher = {ACM},
 address = {New York, NY, USA},
 keywords = {DNF, computational learning, learning disjoint, learning polynomials, multiplicity automata},
}

@article{Buc76,
 author = {Buchberger, B.},
 title = {A Theoretical Basis for the Reduction of Polynomials to Canonical Forms},
 journal = {SIGSAM Bull.},
 issue_date = {August 1976},
 volume = {10},
 number = {3},
 month = aug,
 year = {1976},
 issn = {0163-5824},
 pages = {19--29},
 numpages = {11},
 url = {http://doi.acm.org/10.1145/1088216.1088219},
 doi = {10.1145/1088216.1088219},
 acmid = {1088219},
 publisher = {ACM},
 address = {New York, NY, USA},
}
